[1]
@online{qampo,
    author = {Qampo},
    title = {La agricultura de precisión},
    year = 2020,
    url = {https://qampo.es/la-agricultura-de-precision/},
    urldate = {26-04-2020}
}
[2]
@online{iotwiki,
    author = {Wikipedia},
    title = {Internet de las cosas --- Wikipedia{,} La enciclopedia libre},
    year = 2020,
    url = {https://es.wikipedia.org/w/index.php?title=Internet_de_las_cosas&oldid=125088224},
    urldate = {26-04-2020}
}
[3]
@online{6lowpan,
    author = {Thubert et al.},
    title = {IPv6 over Low-Power Wireless Personal Area Network (6LoWPAN)},
    year = 2017,
    url = {https://tools.ietf.org/html/rfc8138},
    urldate = {26-04-2020}
}
[4]
@online{zigbee,
    author = {IPLocation},
    title = {How does ZigBee Work?},
    year = 2018,
    url = {https://www.iplocation.net/zigbee},
    urldate = {26-04-2020}
}
[5]
@online{lora,
    author = {LoRa Alliance},
    title = {What is the LoRaWAN® Specification?},
    year = 2020,
    url = {https://lora-alliance.org/about-lorawan},
    urldate = {26-04-2020}
}
@online{sigfox,
    author = {Sigfox},
    title = {What is Sigfox?},
    year = 2020,
    url = {https://build.sigfox.com/sigfox},
    urldate = {26-04-2020}
}
@online{wimax,
    author = {Christensson, P.},
    title = {WiMAX},
    year = 2009,
    url = {https://techterms.com/definition/wimax},
    urldate = {26-04-2020}
}

[6]
@online{nist,
    author = {Peter Mell (NIST), Tim Grance (NIST)},
    title = {The NIST Definition of Cloud Computing},
    year = 2011,
    url = {https://csrc.nist.gov/publications/detail/sp/800-145/final},
    urldate = {26-04-2020}
}
[7]
@online{xaas,
    author = {Tony Hou},
    title = {IaaS vs PaaS vs SaaS Enter the Ecommerce Vernacular:What You Need to Know\, Examples \& More},
    year = 2020,
    url = {https://www.bigcommerce.com/blog/saas-vs-paas-vs-iaas#the-key-differences-between-on-premise-saas-paas-iaas},
    urldate = {26-04-2020}
}
[8]
@online{raspberry,
    author = {Raspbery PI Foundation},
    title = {Raspberry.org},
    year = 2020,
    url = {https://www.raspberrypi.org},
    urldate = {26-04-2020}
}
@online{libeliumusecase1,
    author = {Libelium},
    title = {New vineyard project developed with Libelium IoT platform on Agrotech, the app for crop management, powered by Efor and Ibercaja on Microsoft Azure},
    year = 2019,
    url = {http://www.libelium.com/new-vineyard-project-developed-with-libelium-iot-platform-on-agrotech-the-app-for-crop-management-powered-by-efor-and-ibercaja-on-microsoft-azure/},
    urldate = {26-04-2020}
}

[9]
@online{libelium,
    author = {Libelium Comunicaciones Distribuidas S.L},
    title = {Libelium.com},
    year = 2020,
    url = {http://www.libelium.com/},
    urldate = {26-04-2020}
}
[10]
@online{loratech,
    author = {Lora Alliance},
    title = {A technical overview of LoRa® and LoRaWAN™},
    year = 2015,
    url = {https://lora-alliance.org/sites/default/files/2018-04/what-is-lorawan.pdf},
    urldate = {26-04-2020}
}
[11]
@online{awsdoc,
    author = {AWS},
    title = {AWS Documentation},
    year = 2020,
    url = {https://docs.aws.amazon.com/},
    urldate = {26-04-2020}
}
[12]
@online{terraform,
    author = {Hashicorp},
    title = {Terraform.io},
    year = 2020,
    url = {https://www.terraform.io/},
    urldate = {26-04-2020}
}
[13]
@online{boto3,
    author = {AWS},
    title = {Boto 3 Documentation},
    year = 2020,
    url = {https://boto3.amazonaws.com/v1/documentation/api/latest/index.html},
    urldate = {26-04-2020}
}
[14]
@online{mqtt,
    title = {MQTT},
    year = 2020,
    url = {http://mqtt.org/},
    urldate = {26-04-2020}
}
[15]
@online{awsserverless,
    author = {AWS},
    title = {Serverless},
    year = 2020,
    url = {https://aws.amazon.com/serverless/},
    urldate = {26-04-2020}
}
[16]
@online{awsfreetier,
    author = {AWS},
    title = {AWS Free Tier},
    year = 2020,
    url = {https://aws.amazon.com/free},
    urldate = {26-04-2020}
}
[17]
@online{awscli,
    author = {AWS},
    title = {AWS Command Line Interface},
    year = 2020,
    url = {https://aws.amazon.com/cli/},
    urldate = {26-04-2020}
}
[18]
@online{terraformmodules,
    author = {Hashicorp},
    title = {Creating Modules},
    year = 2020,
    url = {https://www.terraform.io/docs/modules/index.html},
    urldate = {26-04-2020}
}
[19]
@online{docker,
    author = {Docker Inc.},
    title = {Docker.com},
    year = 2020,
    url = {https://www.docker.com/},
    urldate = {26-04-2020}
}
[20]
@online{terraformsensitive,
    author = {Hashicorp},
    title = {Sensitive Data in State},
    year = 2020,
    url = {https://www.terraform.io/docs/state/sensitive-data.html},
    urldate = {26-04-2020}
}
[21]
@online{elastic,
    author = {Elastic},
    title = {Getting Started with the Elastic Stack},
    year = 2020,
    url = {https://www.elastic.co/guide/en/elastic-stack-get-started/current/get-started-elastic-stack.html},
    urldate = {04-05-2020}
}
[22]
@online{nosql,
    author = {MongoDB},
    title = {NoSQL Databases Explained},
    year = 2020,
    url = {https://www.mongodb.com/nosql-explained},
    urldate = {04-05-2020}
}

[23]
@online{elasticdata,
    author = {Elastic},
    title = {Data in: documents and indices},
    year = 2020,
    url = {https://www.elastic.co/guide/en/elasticsearch/reference/current/documents-indices.html},
    urldate = {04-05-2020}
}
[24]
@online{timelinuxcom,
    title = {time - Linux User's Manual},
    year = 2019,
    url = {http://man7.org/linux/man-pages/man1/time.1.html},
    urldate = {17-05-2020}
}
[25]
@online{awselasticpricing,
    author = {AWS},
    title = {Amazon Elasticsearch Service pricing},
    year = 2020,
    url = {https://aws.amazon.com/elasticsearch-service/pricing/},
    urldate = {17-05-2020}
}
[26]
@online{awslambdapricing,
    author = {AWS},
    title = {AWS Lambda Pricing},
    year = 2020,
    url = {https://aws.amazon.com/lambda/pricing/},
    urldate = {17-05-2020}
}
[27]
@online{awsiotpricing,
    author = {AWS},
    title = {AWS IoT Core pricing},
    year = 2020,
    url = {https://aws.amazon.com/iot-core/pricing/},
    urldate = {17-05-2020}
}
[28]
@online{awsec2pricing,
    author = {AWS},
    title = {Amazon EC2 pricing},
    year = 2020,
    url = {https://aws.amazon.com/ec2/pricing/},
    urldate = {17-05-2020}
}
[29]
@online{awsvpcpricing,
    author = {AWS},
    title = {Amazon VPC pricing},
    year = 2020,
    url = {https://aws.amazon.com/vpc/pricing/},
    urldate = {17-05-2020}
}
[30]
@online{grafana,
    title = {Grafana},
    year = 2020,
    url = {https://grafana.com/},
    urldate = {17-05-2020}
}
@online{elasticsearchcurator,
    author = {Elastic},
    title = {Curator Reference},
    year = 2020,
    url = {https://www.elastic.co/guide/en/elasticsearch/client/curator/5.8/index.html},
    urldate = {25-05-2020}
}
@inproceedings{inproceedings,
    author = {Ryu, Minwoo and Yun, Jaeseok and Miao, Ting and Ahn, Il-Yeup and Choi, Sungchan and Kim, Jaeho},
    year = {2015},
    month = {11},
    pages = {1-4},
    title = {Design and implementation of a connected farm for smart farming system},
    doi = {10.1109/ICSENS.2015.7370624}
}
@online{vodafones,
    author = {James Blackman},
    title = {Four cases of Vodafone’s local know-how in smart farming},
    year = 2019,
    url = {https://enterpriseiotinsights.com/20190522/channels/fundamentals/four-cases-of-vodafones-local-know-how-in-smart-farming},
    urldate = {25-05-2020}
}
@online{narrowband,
    author = {Vodafone},
    title = {Internet of Things: NarrowBand IoT},
    year = 2019,
    url = {https://www.vodafone.es/c/empresas/grandes-clientes/es/soluciones/datos/internet-of-things/narrowband-iot/},
    urldate = {25-05-2020}
}
@online{emiliomoro,
    title = {Bodegas Emilio Moro},
    year = 2019,
    url = {https://www.emiliomoro.com/},
    urldate = {25-05-2020}
}
